<?xml version="1.0" encoding="UTF-8"?><record xmlns="http://www.loc.gov/MARC21/slim" xmlns:cinclude="http://apache.org/cocoon/include/1.0" xmlns:zs="http://www.loc.gov/zing/srw/">
  <leader>00357nz  a2200121n  4500</leader>
  <controlfield tag="001">n  90621540 </controlfield>
  <controlfield tag="003">DLC</controlfield>
  <controlfield tag="005">19900316122251.2</controlfield>
  <controlfield tag="008">900316n| acannaab|          |n aad |||  </controlfield>
  <datafield tag="010" ind1=" " ind2=" ">
    <subfield code="a">n  90621540 </subfield>
  </datafield>
  <datafield tag="040" ind1=" " ind2=" ">
    <subfield code="a">DLC</subfield>
    <subfield code="c">DLC</subfield>
  </datafield>
  <datafield tag="100" ind1="1" ind2="0">
    <subfield code="a">Oh, Jae E.</subfield>
  </datafield>
  <datafield tag="670" ind1=" " ind2=" ">
    <subfield code="a">nuc90-18681: Author's Amorphous Ta-Cu metallic alloys, 1987</subfield>
    <subfield code="b">(hdg. on NbU rept.: Oh, Jae E.; usage: Jae E. Oh)</subfield>
  </datafield>
</record>